@misc{ wiki:xxx,
    author = "{Wikipedia contributors}",
    title = "Lorentz transformation --- {Wikipedia}{,} The Free Encyclopedia",
    year = "2014",
    url = "https://en.wikipedia.org/w/index.php?title=Lorentz_transformation&oldid=600359480",
    note = "[Online; accessed 23-March-2020]"
  }
  
 @misc{ wiki:xxxx,
    author = "{Wikipedia contributors}",
    title = "Relativistic Breit–Wigner distribution --- {Wikipedia}{,} The Free Encyclopedia",
    year = "2019",
    url = "https://en.wikipedia.org/w/index.php?title=Relativistic_Breit%E2%80%93Wigner_distribution&oldid=912044809",
    note = "[Online; accessed 23-March-2020]"
  }
  
 @article{Aaij_2014,
   title={Search for CP Violation using T-odd Correlations in $D^0 \to K^+K^-\pi^+\pi^-$ Decays},
   volume={2014},
   ISSN={1029-8479},
   number={10},
   journal={J. HEP},
   publisher={Springer Science and Business Media LLC},
   author={{The LHCb collaboration}},
   year={2014},
   month={Oct}
}

@article{d_Argent_2017,
   title={Amplitude analyses of $D^0\to\pi^+\pi^-\pi^+\pi^-$ and $D^0\to K^+K^-\pi^+\pi^-$ decays},
   volume={2017},
   ISSN={1029-8479},
   number={5},
   journal={J. HEP},
   publisher={Springer Science and Business Media LLC},
   author={d’ Argent, P. and Skidmore, N. and Benton, J. and Dalseno, J. and Gersabeck, E. and Harnew, S. T. and Naik, P. and Prouve, C. and Rademacker, J.},
   year={2017},
   month={May}
}

@article{Pivk_2005,
   title={: A statistical tool to unfold data distributions},
   volume={555},
   ISSN={0168-9002},
   number={1-2},
   journal={Nucl. Instrum. Meth. A},
   publisher={Elsevier BV},
   author={Pivk, M. and Le Diberder, F.R.},
   year={2005},
   month={Dec},
   pages={356–369}
}

@misc{sPlots,
    author = "Alex Rogozhnikov",
    title = "sPlot: a technique to reconstruct components of a mixture",
    year = "2015",
    url = "http://arogozhnikov.github.io/2015/10/07/splot.html",
    note = "[Online; accessed 23-March-2020]"
  }
  
@misc{pvalue,
    author = "Chris Blake",
    title = "Lecture3: Hypothesis testing and model-fitting",
    url = "http://astronomy.swin.edu.au/~cblake/StatsLecture3.pdf",
    note = "[Online; accessed 23-March-2020]"
  }
  
@misc{fitfrac_3b,
    author = "D. Asner",
    title = "DALITZ PLOT ANALYSIS FORMALISM",
    url = "http://pdg.lbl.gov/2011/reviews/rpp2011-rev-dalitz-analysis-formalism.pdf",
    note = "[Online; accessed 30-March-2020]"
  }

@article{Aaij_2019,
   title="Search for CP violation through an amplitude analysis of $D^0 \to K^+K^−\pi^+\pi^−$ decays",
   volume={2019},
   ISSN={1029-8479},
   number={2},
   journal={JHEP},
   publisher={Springer Science and Business Media LLC},
   author={Aaij, R. and Abellán Beteta, C. and Adeva, B. and Adinolfi, M. and Aidala, C. A. and Ajaltouni, Z. and Akar, S. and Albicocco, P. and Albrecht, J. and et al.},
   year={2019},
   month={Feb}
}